@article{infoandcomp-kozen1994kleenealg,
  author="Dexter Kozen",
  title="A completeness theorem for {K}leene algebras and the algebra of regular events",
  journal="Infor. and Comput.",
  volume="110",
  number="2",
  month="May",
  year="1994",
  pages="366--390"
}

@book{savage1998models,
  title={Models of computation},
  author={Savage, John E},
  volume={136},
  year={1998},
  publisher={Addison-Wesley Reading, MA}
}

