@article{kozen1994kleene,
  author="Dexter Kozen",
  title="A completeness theorem for {K}leene algebras and the algebra of regular events",
  journal="Infor. and Comput.",
  volume="110",
  number="2",
  month="May",
  year="1994",
  pages="366--390"
}

@inproceedings{acmsiam-kannan1995counting,
  title={Counting and random generation of strings in regular languages},
  author={Kannan, Sampath and Sweedyk, Z and Mahaney, Steve},
  booktitle={Proceedings of the sixth annual ACM-SIAM symposium on Discrete algorithms},
  pages={551--557},
  year={1995},
  organization={Society for Industrial and Applied Mathematics}
}

@book{savage1998models,
  title={Models of computation},
  author={Savage, John E},
  volume={136},
  year={1998},
  publisher={Addison-Wesley Reading, MA}
}

@article{vishwanathan2010graph,
  title={Graph kernels},
  author={Vishwanathan, S Vichy N and Schraudolph, Nicol N and Kondor, Risi and Borgwardt, Karsten M},
  journal={Journal of Machine Learning Research},
  volume={11},
  number={Apr},
  pages={1201--1242},
  year={2010}
}

@article{gold1978complexity,
  title={Complexity of automaton identification from given data},
  author={Gold, E Mark},
  journal={Information and control},
  volume={37},
  number={3},
  pages={302--320},
  year={1978},
  publisher={Elsevier}
}

@article{neider2018learning,
  author    = {Daniel Neider and
               Ivan Gavran},
  title     = {Learning Linear Temporal Properties},
  journal   = {CoRR},
  volume    = {abs/1806.03953},
  year      = {2018},
  url       = {http://arxiv.org/abs/1806.03953},
  archivePrefix = {arXiv},
  eprint    = {1806.03953},
  timestamp = {Mon, 13 Aug 2018 16:46:45 +0200},
  biburl    = {https://dblp.org/rec/bib/journals/corr/abs-1806-03953},
  bibsource = {dblp computer science bibliography, https://dblp.org}
}

@article{pin2010mathematical,
  title={Mathematical foundations of automata theory},
  author={Pin, Jean-{\'E}ric},
  journal={Lecture notes LIAFA, Universit{\'e} Paris},
  volume={7},
  year={2010}
}

@article{ray2005signed,
  title={Signed real measure of regular languages for discrete event supervisory control},
  author={Ray*, A},
  journal={International Journal of Control},
  volume={78},
  number={12},
  pages={949--967},
  year={2005},
  publisher={Taylor \& Francis}
}

