@article{infoandcomp-kozen1994,
  author="Dexter Kozen",
  title="A completeness theorem for {K}leene algebras and the algebra of regular events",
  journal="Infor. and Comput.",
  volume="110",
  number="2",
  month="May",
  year="1994",
  pages="366--390"
}
