@article{infoandcomp-kozen1994kleenealg,
  author="Dexter Kozen",
  title="A completeness theorem for {K}leene algebras and the algebra of regular events",
  journal="Infor. and Comput.",
  volume="110",
  number="2",
  month="May",
  year="1994",
  pages="366--390"
}

@inproceedings{acmsiam-kannan1995counting,
  title={Counting and random generation of strings in regular languages},
  author={Kannan, Sampath and Sweedyk, Z and Mahaney, Steve},
  booktitle={Proceedings of the sixth annual ACM-SIAM symposium on Discrete algorithms},
  pages={551--557},
  year={1995},
  organization={Society for Industrial and Applied Mathematics}
}

@book{savage1998models,
  title={Models of computation},
  author={Savage, John E},
  volume={136},
  year={1998},
  publisher={Addison-Wesley Reading, MA}
}

