@article{Kuncak:2010:CFS:1809028.1806632,
 author = {Kuncak, Viktor and Mayer, Mika\"{e}l and Piskac, Ruzica and Suter, Philippe},
 title = {Complete Functional Synthesis},
 journal = {SIGPLAN Not.},
 issue_date = {June 2010},
 volume = {45},
 number = {6},
 month = jun,
 year = {2010},
 issn = {0362-1340},
 pages = {316--329},
 numpages = {14},
 url = {http://doi.acm.org/10.1145/1809028.1806632},
 doi = {10.1145/1809028.1806632},
 acmid = {1806632},
 publisher = {ACM},
 address = {New York, NY, USA},
 keywords = {bapa, decision procedure, presburger arithmetic, synthesis procedure},
}

@InProceedings{10.1007/978-3-642-38574-2_14,
author="Gao, Sicun
and Kong, Soonho
and Clarke, Edmund M.",
editor="Bonacina, Maria Paola",
title="dReal: An SMT Solver for Nonlinear Theories over the Reals",
booktitle="Automated Deduction -- CADE-24",
year="2013",
publisher="Springer Berlin Heidelberg",
address="Berlin, Heidelberg",
pages="208--214",
abstract="We describe the open-source tool dReal, an SMT solver for nonlinear formulas over the reals. The tool can handle various nonlinear real functions such as polynomials, trigonometric functions, exponential functions, etc. dReal implements the framework of $\delta$-complete decision procedures: It returns either unsat or $\delta$              -sat on input formulas, where $\delta$ is a numerical error bound specified by the user. dReal also produces certificates of correctness for both $\delta$              -sat (a solution) and unsat answers (a proof of unsatisfiability).",
isbn="978-3-642-38574-2"
}
@article{baldoni-backwards,
  author    = {Roberto Baldoni and
               Emilio Coppa and
               Daniele Cono D'Elia and
               Camil Demetrescu and
               Irene Finocchi},
  title     = {A Survey of Symbolic Execution Techniques},
  journal   = {CoRR},
  volume    = {abs/1610.00502},
  year      = {2016},
  url       = {http://arxiv.org/abs/1610.00502},
  archivePrefix = {arXiv},
  eprint    = {1610.00502},
  timestamp = {Wed, 07 Jun 2017 14:41:05 +0200},
  biburl    = {https://dblp.org/rec/bib/journals/corr/BaldoniCDDF16},
  bibsource = {dblp computer science bibliography, https://dblp.org}
}

@inproceedings{weiser-slicing,
 author = {Weiser, Mark},
 title = {Program Slicing},
 booktitle = {Proceedings of the 5th International Conference on Software Engineering},
 series = {ICSE '81},
 year = {1981},
 isbn = {0-89791-146-6},
 location = {San Diego, California, USA},
 pages = {439--449},
 numpages = {11},
 url = {http://dl.acm.org/citation.cfm?id=800078.802557},
 acmid = {802557},
 publisher = {IEEE Press},
 address = {Piscataway, NJ, USA},
 keywords = {Data flow analysis, Debugging, Human factors, Program maintenance, Program metrics, Software tools},
} 
