
@book{savage1998models,
  title={Models of computation},
  author={Savage, John E},
  volume={136},
  year={1998},
  publisher={Addison-Wesley Reading, MA}
}

@article{kudlek2000lemmata,
  title={Iteration Lemmata for Normed Semirings (Algebraic Systems, Formal Languages and Computations)},
  author={Kudlek, Manfred},
  year={2000},
  publisher={京都大学数理解析研究所}
}

