@inproceedings{schulman2015trust,
  title={Trust region policy optimization},
  author={Schulman, John and Levine, Sergey and Abbeel, Pieter and Jordan, Michael and Moritz, Philipp},
  booktitle={International conference on machine learning},
  pages={1889--1897},
  year={2015}
}

@book{boyd2004convex,
  title={Convex optimization},
  author={Boyd, Stephen and Vandenberghe, Lieven},
  year={2004},
  publisher={Cambridge university press}
}

@inproceedings{sutton2000policy,
  title={Policy gradient methods for reinforcement learning with function approximation},
  author={Sutton, Richard S and McAllester, David A and Singh, Satinder P and Mansour, Yishay},
  booktitle={Advances in neural information processing systems},
  pages={1057--1063},
  year={2000}
}

@misc{fazel2018global,
    title={Global Convergence of Policy Gradient Methods for the Linear Quadratic Regulator},
    author={Maryam Fazel and Rong Ge and Sham M. Kakade and Mehran Mesbahi},
    year={2018},
    eprint={1801.05039},
    archivePrefix={arXiv},
    primaryClass={cs.LG}
}

@inproceedings{kakade2002natural,
  title={A natural policy gradient},
  author={Kakade, Sham M},
  booktitle={Advances in neural information processing systems},
  pages={1531--1538},
  year={2002}
}

@phdthesis{tu2019sample,
  title={Sample Complexity Bounds for the Linear Quadratic Regulator},
  author={Tu, Stephen Lyle},
  year={2019},
  school={UC Berkeley}
}

@misc{tu2018gap,
    title={The Gap Between Model-Based and Model-Free Methods on the Linear Quadratic Regulator: An Asymptotic Viewpoint},
    author={Stephen Tu and Benjamin Recht},
    year={2018},
    eprint={1812.03565},
    archivePrefix={arXiv},
    primaryClass={cs.LG}
}

@misc{malik2018derivativefree,
    title={Derivative-Free Methods for Policy Optimization: Guarantees for Linear Quadratic Systems},
    author={Dhruv Malik and Ashwin Pananjady and Kush Bhatia and Koulik Khamaru and Peter L. Bartlett and Martin J. Wainwright},
    year={2018},
    eprint={1812.08305},
    archivePrefix={arXiv},
    primaryClass={cs.LG}
}

@article{bastani2019sample,
  title={Sample Complexity of Estimating the Policy Gradient for Nearly Deterministic Dynamical Systems},
  author={Bastani, Osbert},
  journal={arXiv preprint arXiv:1901.08562},
  year={2019}
}

@article{wang2019system,
  title={A system level approach to controller synthesis},
  author={Wang, Yuh-Shyang and Matni, Nikolai and Doyle, John C},
  journal={IEEE Transactions on Automatic Control},
  year={2019},
  publisher={IEEE}
}

@inproceedings{akametalu2014reachability,
  title={Reachability-based safe learning with Gaussian processes},
  author={Akametalu, Anayo K and Fisac, Jaime F and Gillula, Jeremy H and Kaynama, Shahab and Zeilinger, Melanie N and Tomlin, Claire J},
  booktitle={53rd IEEE Conference on Decision and Control},
  pages={1424--1431},
  year={2014},
  organization={IEEE}
}

@online{tibshirani2018convex,
  author = {Ryan Tibshirani},
  title = {Machine Learning 10-725, Convex Optimization: Fall 2018, Carnegie Mellon University},
  year = 2018,
  url = {https://www.stat.cmu.edu/~ryantibs/convexopt-F18/}
}

@inproceedings{karimi2016linear,
  title={Linear convergence of gradient and proximal-gradient methods under the polyak-{\l}ojasiewicz condition},
  author={Karimi, Hamed and Nutini, Julie and Schmidt, Mark},
  booktitle={Joint European Conference on Machine Learning and Knowledge Discovery in Databases},
  pages={795--811},
  year={2016},
  organization={Springer}
}

@article{polyak1963gradient,
title = "Gradient methods for the minimisation of functionals",
journal = "USSR Computational Mathematics and Mathematical Physics",
volume = "3",
number = "4",
pages = "864 - 878",
year = "1963",
issn = "0041-5553",
doi = "https://doi.org/10.1016/0041-5553(63)90382-3",
url = "http://www.sciencedirect.com/science/article/pii/0041555363903823",
author = "B.T. Polyak",
abstract = "Let tf(t) be a functional defined in the (real) Hubert space H. The problem consists in finding its minimum value tff∗ = inf tf(x) and some minimum point x∗ (if such exists)."
}

@article{blondel1997np,
  title={NP-hardness of some linear control design problems},
  author={Blondel, Vincent and Tsitsiklis, John N},
  journal={SIAM Journal on Control and Optimization},
  volume={35},
  number={6},
  pages={2118--2127},
  year={1997},
  publisher={SIAM}
}

@article{lojasiewicz1961probleme,
  title={Sur le probleme de la division},
  author={{\L}ojasiewicz, Stanis{\l}aw},
  year={1961},
  publisher={Instytut Matematyczny Polskiej Akademi Nauk (Warszawa)}
}

@article{bu2019lqr,
  title={LQR through the lens of first order methods: Discrete-time case},
  author={Bu, Jingjing and Mesbahi, Afshin and Fazel, Maryam and Mesbahi, Mehran},
  journal={arXiv preprint arXiv:1907.08921},
  year={2019}
}


@article{parikh2014proximal,
url = {http://dx.doi.org/10.1561/2400000003},
year = {2014},
volume = {1},
journal = {Foundations and Trends® in Optimization},
title = {Proximal Algorithms},
doi = {10.1561/2400000003},
issn = {2167-3888},
number = {3},
pages = {127-239},
author = {Neal Parikh and Stephen Boyd}
}

@book{rockafellar1970convex,
  title={Convex analysis},
  author={Rockafellar, R Tyrrell},
  volume={28},
  year={1970},
  publisher={Princeton university press}
}

@article{balakrishnan2003semidefinite,
  title={Semidefinite programming duality and linear time-invariant systems},
  author={Balakrishnan, Venkataramanan and Vandenberghe, Lieven},
  journal={IEEE Transactions on Automatic Control},
  volume={48},
  number={1},
  pages={30--41},
  year={2003},
  publisher={IEEE}
}


@book{lancaster1995algebraic,
  title={Algebraic riccati equations},
  author={Lancaster, Peter and Rodman, Leiba},
  year={1995},
  publisher={Clarendon press}
}
