
@article{boyd2008ee363,
  title={Ee363: Linear Dynamical Systems},
  author={Boyd, Stephen},
  journal={Lecture. Stanford University, Winter Quarter},
  volume={9},
  url={https://stanford.edu/class/ee363/lectures/stoch_lqr.pdf},
  year={2008}
}

@book{boyd2004convex,
  title={Convex Optimization},
  author={Boyd, Stephen P and Vandenberghe, Lieven},
  year={2004},
  publisher={Cambridge University Press}
}

@misc{wiki2020square,
    author = "{Wikipedia contributors}",
    title = "Completing the square --- {Wikipedia}{,} The Free Encyclopedia",
    year = "2020",
    url = "https://en.wikipedia.org/w/index.php?title=Completing_the_square&oldid=953923455",
    note = "[Online; accessed 14-May-2020]"
  }

@book{horn2012matrix,
  title={Matrix Analysis},
  author={Horn, Roger A and Johnson, Charles R},
  year={2012},
  publisher={Cambridge University Press}
}

@article{kovanic1979pseudoinverse,
  title={On the pseudoinverse of a sum of symmetric matrices with applications to estimation},
  author={Kovanic, Pavel},
  journal={Kybernetika},
  volume={15},
  number={5},
  pages={341--348},
  year={1979},
  publisher={Institute of Information Theory and Automation AS CR}
}

