
@book{savage1998models,
  title={Models of computation},
  author={Savage, John E},
  volume={136},
  year={1998},
  publisher={Addison-Wesley Reading, MA}
}

@article{cortes2004rational,
  title={Rational kernels: Theory and algorithms},
  author={Cortes, Corinna and Haffner, Patrick and Mohri, Mehryar},
  journal={Journal of Machine Learning Research},
  volume={5},
  number={Aug},
  pages={1035--1062},
  year={2004}
}

@article{vishwanathan2010graph,
  title={Graph kernels},
  author={Vishwanathan, S Vichy N and Schraudolph, Nicol N and Kondor, Risi and Borgwardt, Karsten M},
  journal={Journal of Machine Learning Research},
  volume={11},
  number={Apr},
  pages={1201--1242},
  year={2010}
}

@book{kuich2012semirings,
  title={Semirings, automata, languages},
  author={Kuich, Werner and Salomaa, Arto},
  volume={5},
  year={2012},
  publisher={Springer Science \& Business Media}
}


@book{berlinet2011reproducing,
  title={Reproducing kernel Hilbert spaces in probability and statistics},
  author={Berlinet, Alain and Thomas-Agnan, Christine},
  year={2011},
  publisher={Springer Science \& Business Media}
}

