
@article{boyd2008ee363,
  title={Ee363: Linear dynamical systems},
  author={Boyd, Stephen},
  journal={Lecture. Stanford Univer., Winter Quarter},
  volume={9},
  url={https://stanford.edu/class/ee363/lectures/stoch_lqr.pdf},
  year={2008}
}

@book{boyd2004convex,
  title={Convex optimization},
  author={Boyd, Stephen and Boyd, Stephen P and Vandenberghe, Lieven},
  year={2004},
  publisher={Cambridge university press}
}

@misc{wiki2020square,
    author = "{Wikipedia contributors}",
    title = "Completing the square --- {Wikipedia}{,} The Free Encyclopedia",
    year = "2020",
    url = "https://en.wikipedia.org/w/index.php?title=Completing_the_square&oldid=953923455",
    note = "[Online; accessed 14-May-2020]"
  }

